@misc{statista1,
  author = {Koen van Gelder},
  howpublished = {\url{https://www.statista.com/statistics/281241/online-share-of-retail-trade-in-european-countries/}},
  title = {Online share of retail trade in EU countries 2022},
  year = {2023}
}
@misc{byron,
  author = {Ellen Byron},
  howpublished = {\url{https://www.wsj.com/articles/the-slower-you-shop-the-more-you-spend-1445359614}},
  title = {The Slower You Shop The More You Spend},
  year = {2015},
  note = {accessed on December 11, 2024}
}

@misc{stat-revenue,
  author = {L. Yltävä},
  howpublished = {\url{https://www.statista.com/forecasts/1399148/online-food-delivery-revenue-by-segment-in-nordics/}},
  title = {Revenue of the online food delivery market in the Nordics from 2018 to 2028},
  year = {2024}
}

@misc{stat-generation,
  author = {Statista Research Department},
  howpublished = {\url{https://www.statista.com/statistics/1307062/online-grocery-shoppers-by-generation-sweden/}},
  title = {Share of online shoppers buying groceries and meal deliveries in Sweden in 2023, by age group},
  year = {2024}
}

@misc{stat-penetration,
  author = {Statista Research Department},
  howpublished = {\url{https://www.statista.com/forecasts/1451353/online-grocery-delivery-penetration-rate-globally/}},
  title = {User penetration rate of the online grocery delivery market worldwide from 2017 to 2028},
  year = {2024}
}